
@BOOK{lin:jscene,
	AUTHOR = "Jimmy Lin",
	TITLE = "On the Feasibility and Implications of Self-Contained Search Engines in the Browser",
	PUBLISHER = "arXIV",
	YEAR = "2014"	}

@inproceedings{benson2010sync,
  title={Sync kit: a persistent client-side database caching toolkit for data intensive websites},
  author={Benson, Edward and Marcus, Adam and Karger, David and Madden, Samuel},
  booktitle={Proceedings of the 19th International Conference on World Wide Web},
  pages={121--130},
  year={2010},
  organization={ACM}
}


@inproceedings{balasubramanian2012findall,
  title={FindAll: A local search engine for mobile phones},
  author={Balasubramanian, Aruna and Balasubramanian, Niranjan and Huston, Samuel J and Metzler, Donald and Wetherall, David J},
  booktitle={Proceedings of the 8th international conference on Emerging networking experiments and technologies},
  pages={277--288},
  year={2012},
  organization={ACM}
}

@inproceedings{lo2013imagen,
  title={Imagen: Runtime migration of browser sessions for javascript web applications},
  author={Lo, James Teng Kin and Wohlstadter, Eric and Mesbah, Ali},
  booktitle={Proceedings of the 22nd international conference on World Wide Web},
  pages={815--826},
  year={2013},
  organization={International World Wide Web Conferences Steering Committee}
}

@inproceedings{bilenko2011predictive,
  title={Predictive client-side profiles for personalized advertising},
  author={Bilenko, Mikhail and Richardson, Matthew},
  booktitle={Proceedings of the 17th ACM SIGKDD international conference on Knowledge discovery and data mining},
  pages={413--421},
  year={2011},
  organization={ACM}
}
@article{bharat2000searchpad,
  title={SearchPad: explicit capture of search context to support Web search},
  author={Bharat, Krishna},
  journal={Computer Networks},
  volume={33},
  number={1},
  pages={493--501},
  year={2000},
  publisher={Elsevier}
}

@misc{w3c,
  author = {W3C},
  title = {{Indexed Database API}},
  howpublished = {\url{http://www.w3.org/TR/IndexedDB/}},
  year = {2014},
}

@misc{indexeddb,
  author = {Mozilla Developer Network},
  title = {{IndexedDB}},
  howpublished = {\url{https://developer.mozilla.org/en-US/docs/Web/API/IndexedDB\_API}},
  year = {2014},
}



@inproceedings{teevan2005personalizing,
  title={Personalizing search via automated analysis of interests and activities},
  author={Teevan, Jaime and Dumais, Susan T and Horvitz, Eric},
  booktitle={Proceedings of the 28th annual international ACM SIGIR conference on Research and development in information retrieval},
  pages={449--456},
  year={2005},
  organization={ACM}
}

@inproceedings{bozzon2010liquid,
  title={Liquid query: multi-domain exploratory search on the web},
  author={Bozzon, Alessandro and Brambilla, Marco and Ceri, Stefano and Fraternali, Piero},
  booktitle={Proceedings of the 19th international conference on World wide web},
  pages={161--170},
  year={2010},
  organization={ACM}
}

@inproceedings{li2002improvement,
  title={Improvement of HITS-based algorithms on web documents},
  author={Li, Longzhuang and Shang, Yi and Zhang, Wei},
  booktitle={Proceedings of the 11th international conference on World Wide Web},
  pages={527--535},
  year={2002},
  organization={ACM}
}

@inproceedings{khoshgozaran2009private,
  title={Private buddy search: Enabling private spatial queries in social networks},
  author={Khoshgozaran, Ali and Shahabi, Cyrus},
  booktitle={Computational Science and Engineering, 2009. CSE'09. International Conference on},
  volume={4},
  pages={166--173},
  year={2009},
  organization={IEEE}
}


